@online{site:SycLab,
    title   = {Sito web ufficiale di SycLab},
    url     = {https://www.synclab.it/}
}
@online{site:History_Yaml,
    title   = {Cenni storici di YAML},
    url     = {https://en.wikipedia.org/wiki/YAML}
}
@online{site:Doc_Yaml,
    title   = {Documentazione ufficiale del linguaggio YAML},
    url     = {https://yaml.org}
}
@online{site:Doc_Python,
    title   = {Documentazione ufficiale del linguaggio di programmazione Python3},
    url     = {https://docs.python.org/3/}
}
@online{site:Intro_Scrum,
    title   = {Introduzione al framework Scrum},
    url     = {https://it.wikipedia.org/wiki/Scrum_(informatica)}
}
@online{site:Metodo_incrementale,
    title   = {Introduzione al metodo incrementale},
    url     = {https://en.wikipedia.org/wiki/Iterative_and_incremental_development}
}
@online{site:Intro_Clickup,
    title   = {Introduzione a ClickUp},
    url     = {https://clickup.com/on-demand-demo}
}
@online{site:Intro_Docker_Compose,
    title   = {Introduzione a Docker Compose},
    url     = {https://docs.docker.com/compose/}
}
@online{site:Doc_Git,
    title   = {Documentazione ufficiale di Git},
    url     = {https://git-scm.com/docs}
}
@online{site:Comandi_base_Git,
    title   = {Comandi base sull'utilizzo di Git},
    url     = {https://git-scm.com/book/en/v2/Git-Basics-Getting-a-Git-Repository}
}
@online{site:Doc_GitHub,
    title   = {Documentazione ufficiale di GitHub},
    url     = {https://docs.github.com/en}
}
@online{site:History_latex,
    title   = {Cenni storici di LaTeX},
    url     = {https://en.wikipedia.org/wiki/LaTeX}
}

